@book{latex,
  title = {LaTeX : A Documentation Preparation System User's Guide and Reference Manual},
  publisher = {Addison-Wesley Professional},
  year = {1994},
  author = {Leslie Lamport}
}

@inproceedings{ngo2022information,
  title={On an Information Theoretic Approach to Cardinality Estimation (Invited Talk)},
  author={Ngo, Hung Q},
  booktitle={25th International Conference on Database Theory (ICDT 2022)},
  year={2022},
  organization={Schloss Dagstuhl-Leibniz-Zentrum f{\"u}r Informatik}
}
